@BOOK{example-book,
	AUTHOR="J.-A. Müller",
	TITLE="Künstliche Intelligenz im Handel 1 – Überblick",
	PUBLISHER="Springer-Verlag",
	YEAR=2000,
	ADDRESS="Wien"
}
@book{glaess2018kuenstliche,
	title={K{\"u}nstliche Intelligenz im Handel 1 -- {\"U}berblick: Digitale Komplexit{\"a}t managen und Entscheidungen unterst{\"u}tzen},
	author={Gl{\"a}{\ss}, R.},
	isbn={9783658238032},
	series={essentials},
	url={https://books.google.de/books?id=ulp0DwAAQBAJ},
	year={2018},
	publisher={Springer Fachmedien Wiesbaden}
}

@Misc{laurenz_data_mining,
	AUTHOR={"W. Laurenz"},
	TITLE="{D}ata {M}ining: {A}lgorithmen, {D}efinition, {M}ethoden und {A}nwendungsbeispiele",
	publisher={datasolut GmbH},
	NOTE="[Online]. \href{https://datasolut.com/was-ist-data-mining}{https://datasolut.com/was-ist-data-mining}. [abgerufen am 15. Mai 2022]."
}
@Misc{netz98_headless_commerce,
TITLE="Headless – für mehr Flexibilität im E-Commerce",
publisher={netz98},
NOTE="[Online]. \href{https://www.netz98.de/magento/headless}{https://www.netz98.de/magento/headless}. [abgerufen am 15. Mai 2022]."
}
@Misc{perske_headless_commerce,
AUTHOR={"T. Perske"},
TITLE="{H}eadless {E}-{C}ommerce: {W}ie es funktioniert und für welche {Z}wecke es sich lohnt",
publisher={Der Hybridbanker},
year="2021",
month="jul",
NOTE="[Online]. \href{https://hybridbanker.de/2021/07/12/headless-e-commerce-wie-es-funktioniert-und-fuer-welche-zwecke-es-sich-lohnt}{https://hybridbanker.de/2021/07/12/ headless-e-commerce-wie-es-funktioniert-und-fuer-welche-zwecke-es-sich-lohnt}. [abgerufen am 15. Mai 2022]."
}
@Misc{mckinsey_dynamic_pricing,
	AUTHOR={McKinsey \& Company},
	TITLE="{D}ynamic {P}ricing in e-{C}ommerce",
	publisher={McKinsey \& Company},
	NOTE="[Online]. \href{https://www.mckinsey.com/business-functions/growth-marketing-and-sales/how-we-help-clients/dynamic-pricing}{https://www.mckinsey.com/business-functions/growth-marketing-and-sales/how-we-help-clients/dynamic-pricing}. [abgerufen am 17. Mai 2022]."
}
@Misc{chatlogue_chatbot_tasks,
	AUTHOR={Chatlogue},
	TITLE="{C}hatbots im {E}-{C}ommerce - {C}hatbots verbessern die {K}undenkommunikation",
	publisher={Chatlogue},
	NOTE="[Online]. \href{https://chatlogue.com/chatbots-im-e-commerce/}{https://chatlogue.com/chatbots-im-e-commerce/}. [abgerufen am 17. Mai 2022]."
}
